@misc{whatIsGa,
  author       = {Math Works},
  howpublished = {\url{https://www.mathworks.com/help/gads/what-is-the-genetic-algorithm.html}},
  title        = {What Is the Genetic Algorithm?},
  year         = {2023},
}

@misc{howGaWorks,
  author       = {Math Works},
  howpublished = {\url{https://www.mathworks.com/help/gads/how-the-genetic-algorithm-works.html}},
  title        = {How the Genetic Algorithm Works},
  year         = {2023},
}

@misc{gaApplication,
  author       = {dr inż. Witold Beluch},
  howpublished = {\url{http://www.imio.polsl.pl/Dopobrania/CW%20MH%2005%20(SSN).pdf}},
  title        = {Metody Heurystyczne},
  year         = {2012}
}

@misc{gaApplication2,
  author       = {},
  howpublished = {\url{https://www.aragorn.wi.pb.edu.pl/~wkwedlo/EA5.pdf}},
  title        = {Algorytmy genetyczne dla problemu komiwojażera (ang. traveling salesperson)},
  year         = {}
}